@misc{rl,
    author = "Henk Mannen",
    title = "Learning to play chess using Reinforcement Learning with database games",
    year = "2003",
}

@misc{pc,
    editor = "Chessprogramming wiki",
    title = "Chessprogramming: Evaluation",
    note = "https://www.chessprogramming.org/Evaluation",
}

